<?xml version="1.0" encoding="UTF-8"?><record xmlns="http://www.loc.gov/MARC21/slim" xmlns:cinclude="http://apache.org/cocoon/include/1.0" xmlns:zs="http://www.loc.gov/zing/srw/">
  <leader>00457cz  a2200145n  4500</leader>
  <controlfield tag="001">n  84083343 </controlfield>
  <controlfield tag="003">DLC</controlfield>
  <controlfield tag="005">20081205080454.0</controlfield>
  <controlfield tag="008">840613n| acannaabn          |n aaa      </controlfield>
  <datafield tag="010" ind1=" " ind2=" ">
    <subfield code="a">n  84083343 </subfield>
  </datafield>
  <datafield tag="035" ind1=" " ind2=" ">
    <subfield code="a">(OCoLC)oca01122877</subfield>
  </datafield>
  <datafield tag="040" ind1=" " ind2=" ">
    <subfield code="a">DLC</subfield>
    <subfield code="b">eng</subfield>
    <subfield code="c">DLC</subfield>
    <subfield code="d">DLC</subfield>
    <subfield code="d">OCoLC</subfield>
  </datafield>
  <datafield tag="100" ind1="1" ind2=" ">
    <subfield code="a">Gschnitzer, Franz,</subfield>
    <subfield code="d">1899-1968</subfield>
  </datafield>
  <datafield tag="670" ind1=" " ind2=" ">
    <subfield code="a">His OĚsterreichisches Erbrecht, c1984:</subfield>
    <subfield code="b">t.p. (Franz Gschnitzer)</subfield>
  </datafield>
  <datafield tag="670" ind1=" " ind2=" ">
    <subfield code="a">LC data base, 6-1-84</subfield>
    <subfield code="b">(hdg.: Gschnitzer, Franz, 1899-1968)</subfield>
  </datafield>
</record>